@article{Allan2009, 
title={{Survey of Agent Based Modelling and Simulation Tools}}, 
volume={501}, 
url={http://epubs.cclrc.ac.uk/work-details?w=50398}, 
number={October}, 
journal={Engineering}, 
publisher={ASBMB}, author={Allan, Rob},
 year={2009},
 pages={57–72}
}

@article{macal2010,
     title = {{Tutorial on agent-based modelling and simulation}},
     author = {Macal, C.M. and North, M.J. },
     journal = {Journal of Simulation},
     number = {4},
    pages = {151--162},
     year = {2010}
} 

@article{eurace2008,
     author = {Deissenberg, Christophe and van der Hoog, Sander and Dawid, Herbert},
     issn = {00963003},
    journal = {Applied Mathematics and Computation},
    month = oct,
    number = {2},
    pages = {541--552},
    title = {{EURACE: A massively parallel agent-based model of the European economy}},
    url = {http://dx.doi.org/10.1016/j.amc.2008.05.116},
    volume = {204},
    year = {2008}
}


@article{Farmer2004,
  title = {{What really causes large price changes?}},
  author = {Farmer, J. Doyne and Gillemot, L{\'A}szl{\'O} and Lillo, Fabrizio and Mike, Szabolcs and Sen, Anindya},
  issn = {1469-7688},
  journal = {Quantitative Finance},
   number = {4},
  pages = {383--397},
  publisher = {Routledge},
   volume = {4},
  year = {2004}
}


@article{Bouchaud2002,
 title = {{Statistical properties of stock order books: empirical results and models}},
  author = {Bouchaud, Jean-Philippe and M{\'E}zard, Marc and Potters, Marc},
  journal = {Quantitative Finance},
  number = 4,
  pages = {251--256},
  publisher = {Routledge},
   volume = 2,
  year = 2002
}


@article{bonnet2005,
author = {Bonnet, Frédéric D.R.  and Allison, Andrew  and Abbott, Derek },
title = {{Bubbles in a minority game setting with real financial data}},
book={Proc. SPIE 6039, Complex Systems, 60390C},
pages = {60390C-60390C-5},
year = {2005},
URL = { http://dx.doi.org/10.1117/12.673126}
}

@Article{challet2001,
  author={Challet, D.  and Chessa,  A. and Marsili, M.  and  Zhang, Y-C.},
  title={From Minority Games to real markets},
  journal={Quantitative Finance},
  year=2001,
  volume={1},
  number={1},
  pages={168-176}
  }

@INPROCEEDINGS{gou2005, 
title={{Predictability of Shanghai Stock Market by Agent-based Mix-game Model}}, 
author={Gou, Chengling }, 
booktitle={Neural Networks and Brain, 2005. ICNN B '05. International Conference on}, 
volume={3}, 
pages={1651-1655}, 
year={2005}
}

@article{challet2000,
 title = {{Modeling market mechanism with minority game}},
  author = {Challet, Damien and Marsili, Matteo and Zhang, Yi-Cheng},
  journal = {Physica A: Statistical Mechanics and its Applications},
  month = Feb,
  number = {1-2},
  pages = {284--315},
  volume = 276,
  year = 2000
}

@article{wiesinger2013,
  title = {Reverse Engineering Financial Markets with Majority and Minority Games using Genetic Algorithms},
  author = {Wiesinger, J. and Sornette, D. and Satinover, J.},
  journal = {Computational Economics},
  volume = {41},
  pages={475–492},
  year = 2013
}


@article{mike2008,
title = {{An empirical behavioral model of liquidity and volatility}},
author = {Mike, Szabolcs and Farmer, J. Doyne},
year = {2008},
journal = {Journal of Economic Dynamics and Control},
volume = {32},
number = {1},
pages = {200-234}
}

@book{guo2005,
  title={{An Agent-based Simulation of Double-auction Markets}},
  author={Guo, T.X.},
  isbn={9780494021668},
  series={Canadian theses},
  url={http://books.google.ru/books?id=l\_h8twAACAAJ},
  year={2005},
  publisher={Thesis (M.Sc.)--University of Toronto}
}

@article{chiarella2002,
title = {{A simulation analysis of the microstructure of double auction markets}},
author = {Chiarella, Carl and Iori, Giulia},
year = {2002},
journal = {Quantitative Finance},
volume = {2},
number = {5},
pages = {346-353}
}

@inproceedings{Vytelingum2006,
 title = {Evolutionary stability of behavioural types in the continuous double auction},
 author = {Vytelingum, Perukrishnen and Cliff, Dave and Jennings, Nicholas R.},
 booktitle = {Proceedings of the 2006 AAMAS workshop and TADA/AMEC 2006 conference on Agent-mediated electronic commerce: automated negotiation and strategy design for electronic markets},
 year = {2007},
 pages = {103--117},
 numpages = {15},
 publisher = {Springer-Verlag}
} 

@article{cont2011,
    title = {{Price dynamics in a Markovian limit order market}},
    author = {Cont, R. and De Larrard, A.},
    journal = {ArXiv eprint arxiv:1104.4596},
    year = {2011}
}


@article{cont2010,
 title = {{A Stochastic Model for Order Book Dynamics}},
 author = {Cont, Rama and Stoikov, Sasha and Talreja, Rishi},
 journal = {Oper. Res.},
 volume = {58},
 number = {3},
 month = may,
 year = {2010},
 pages = {549--563},
} 

@article{farmer2005,
    title = {{The predictive power of zero intelligence in financial markets}},
    author = {Farmer, J. Doyne and Patelli, Paolo and Zovko, Ilija I.},
    journal = {Proceedings of the National Academy of Sciences of the United States of America},
    keywords = {agents, bounded-rationality, finance, financial-markets, intelligence, rationality},
    month = feb,
    number = {6},
    pages = {2254--2259},
    publisher = {National Academy of Sciences},
    volume = {102},
    year = {2005}
}


@article{scalas2006,
title = {Waiting times between orders and trades in double-auction markets},
author = {Scalas, Enrico and Kaizoji, Taisei and Kirchler, Michael and Huber, Jürgen and Tedeschi, Alessandra},
year = {2006},
journal = {Physica A: Statistical Mechanics and its Applications},
volume = {366},
number = {C},
pages = {463-471}
}

@inproceedings{Pereira2009,
 author = {Pereira, C{\'e}lia da Costa and Mauri, Alessia and Tettamanzi, Andrea G.  B.},
 title = {Cognitive-Agent-Based Modeling of a Financial Market},
 booktitle = {Proceedings of the 2009 IEEE/WIC/ACM International Joint Conference on Web Intelligence and Intelligent Agent Technology - Volume 02},
 series = {WI-IAT '09},
 year = {2009},
 isbn = {978-0-7695-3801-3},
 pages = {20--27},
 numpages = {8},
 publisher = {IEEE Computer Society}

} 

@article{chen2001,
title = {{Evolving traders and the business school with genetic programming: A new architecture of the agent-based artificial stock market}},
author = {Chen, Shu-Heng and Yeh, Chia-Hsuan},
year = {2001},
journal = {Journal of Economic Dynamics and Control},
volume = {25},
number = {3-4},
pages = {363-393}
}


@article{PalmerArthurHollandLeBaronTayler1994,
  title ={{Artificial economic life: a simple model of a stock market}},
   author = {Palmer, R. G. and Arthur, W. B. and Holland, J. H. and LeBaron, B. and Tayler, P.},
  journal = {Physica D},
  pages = {264--274},
  volume = 75,
  year = 1994
}


@article{alfi2009,
title={{Minimal agent based model for financial markets I}},
author={Alfi, V. and Cristelli, M. and Pietronero, L. and Zaccaria, A.},
year={2009},
issn={1434-6028},
journal={The European Physical Journal B},
volume={67},
issue={3},
pages={385-397}

}

@techreport{farmer2011,
title ={{An Ecological Perspective on the Future of Computer Trading}},
author = {Farmer, J. D. and S. Skouras },
month={October},
year = {2011},
institution ={Technical Report Foresight Driver Review, DR 6, Foresight}
}

@techreport{hasbrouck2010,
title ={{Low-Latency Trading}},
author = { Hasbrouck, Joel and  Saar, Gideon },
month={October},
year = {2010},
institution ={Working Paper},
url ={http://pages.stern.nyu.edu/~jhasbrou/Research/Working%20Papers/HS10-11-10.pdf}
}

@INPROCEEDINGS{paddrik2012, 
 title={{An agent based model of the E-Mini S amp;P 500 applied to flash crash analysis}}, 
author={Paddrik, M. and Hayes, R. and Todd, A. and Yang, S. and Beling, P. and Scherer, W.}, 
booktitle={Computational Intelligence for Financial Engineering Economics (CIFEr), 2012 IEEE Conference on},
Month={March},
year={2012}, 
pages={1-8} 
}


@mastersthesis{lu2012,
    Author = {Lu, Cheng},
    Title = {High Frequency Trading: Price Dynamics Models and Market Making Strategies},
    School = {EECS Department, University of California, Berkeley},
    Year = {2012},
    Month = {May},
    URL = {http://www.eecs.berkeley.edu/Pubs/TechRpts/2012/EECS-2012-144.html},
    Number = {UCB/EECS-2012-144}
  }

@techreport{gomer2011,
title ={{High-Frequency Trading}},
author = {Gomber,  Peter and  Arndt,  Björn and Lutat, Marco and Uhle, Tim},
month={December},
year = {2011},
institution ={http://www.frankfurt-main-finance.de},
url ={http://www.frankfurt-main-finance.de/fileadmin/data_archive/de/finanzplatz/daten-studien/studien/High-Frequency-Trading.pdf}
}

@techreport{arnuk2009,
title ={{Latency Arbitrage: The Real Power Behind Predatory High Frequency Trading}},
author = {  Arnuk, Sal and Saluzzi, Joseph },
month={December},
year = {2009},
institution ={A Themis Trading LLC White Paper},
url ={http://www.themistrading.com/article_files/0000/0519/THEMIS_TRADING_White_Paper_--_Latency_Arbitrage_-_December_4__2009.pdf}
}

@techreport{brogaard2011,
title ={{High frequency trading, information, and profits}},
author = { Brogaard, Jonathan A.},
month={March},
year = {2011},
institution ={ https://bis.gov.uk},
url ={http://www.bis.gov.uk/assets/foresight/docs/computer-trading/11-1241-dr10-high-frequency-trading-information-and-profits.pdf}
}

@techreport{AES2012II,
title ={{High Frequency Trading – Measurement, Detection and Response}},
author = {Credit Suisse, AES Analysis},
month={December},
year = {2012},
institution ={ https://credit-suisse.com},
url ={ https://credit-suisse.com/edge}
}

@techreport{AES2012I,
title ={{High Frequency Trading- The Good, The Bad and The Regulation}},
author = {Credit Suisse, AES Analysis},
month={December},
year = {2012},
institution ={ https://credit-suisse.com},
url ={ https://credit-suisse.com/edge}
}

@inproceedings{hasbrouck2012,
    title = {{High Frequency Quoting}},
    author = {Hasbrouck, Joel},
    booktitle = {Market Microstructure: confronting many viewpoints},
    location = {Paris},
    month = dec,
    year = {2012}
}


@article{egginton2011,
 title = {{Quote Stuffing}},
 author = {Egginton, Jared F. and Van Ness, Bonnie F. and Van Ness, Robert A.},
 journal = {Social Science Research Network Working Paper Series},
 month = nov,
 publisher = {SSRN},
 url = {http://ssrn.com/abstract=1958281},
year = {2011}
}


@techreport{NANEX2010,
title ={{Analysis of the "Flash Crash"}},
author = {Nanex},
month={july},
year = {2010},
institution ={ http://www.nanex.net/},
url ={http://www.nanex.net/20100506/flashcrashanalysis_part4-1.html}
}


@article{grossman1976,
    title = {{Information and Competitive Price Systems}},
    author = {Grossman, Sanford J. and Stiglitz, Joseph E.},
    journal = {The American Economic Review},
    number = {2},
    pages = {246--253},
    publisher = {American Economic Association},
    volume = {66},
    year = {1976}
}

@article{chan1996,
    title = {Momentum strategies},
    author = {Chan, Louis K. C. and Narasimhan, Jegadeesh and Josef, Lakonishok},
    journal = {Journal of Finance},
    year = {1996},
    pages = {1681--1714}
}

@article{chan1988,
    
    title = {{On the Contrarian Investment Strategy}},
    author = {Chan, K. C.},
    journal = {The Journal of Business},
    keywords = {contrarian},
    number = {2},
    pages = {147--163},
    volume = {61},
    year = {1988}
}


@article{TumminelloLilloPiiloMantegna2012,
  title ={{Identification of clusters of investors from their real trading activity in a financial market}},
  author = {Tumminello, Michele and Lillo, Fabrizio and Piilo, Jyrki and Mantegna, Rosario N},
  journal = {New Journal of Physics},
  number = {1},
  pages = {13-41},
  volume = {14},
  year = {2012}
}

@techreport{CristelliPietroneroZaccaria2011,
title = {{Critical Overview of Agent-Based Models for Economics}},
author = {Cristelli, M. and Pietronero, L. and Zaccaria, A.},
year = {2011},
institution = {arXiv.org},
type = {Quantitative Finance Papers},
url = {http://EconPapers.repec.org/RePEc:arx:papers:1101.1847}
}

@article{samanidou2007,
 title={{Agent-based models of financial markets}},
  author={Samanidou, E and Zschischang, E and Stauffer, D and Lux, T},
  journal={Reports on Progress in Physics},
  volume={70},
  number={3},
  pages={409},
  year={2007}
 
}
	
@article{chak2011,
title = {{Econophysics review: II. Agent-based models}},
 author = {Chakraborti, Anirban and Toke, Ioane M. and Patriarca, Marco and Abergel, Frederic},
 journal = {Quantitative Finance},
 month = jun,
 volume = {11},
 year = {2011}

}

@article{chiarella2002,
title = {{A simulation analysis of the microstructure of double auction markets}},
author = {Chiarella, Carl and Iori, Giulia},
year = {2002},
journal = {Quantitative Finance},
volume = {2},
number = {5},
pages = {346-353}
}


@InCollection{lebaron2006,
  author={LeBaron, Blake},
  editor={Leigh Tesfatsion and Kenneth L. Judd},
  title={{Agent-based Computational Finance}},
  booktitle={Handbook of Computational Economics},
  publisher={Elsevier},
  year=2006,
  month={00},
  volume={2},
  number={},
  series={Handbook of Computational Economics},
  edition={},
  chapter={24},
  pages={1187-1233}
  }

@article{LuxMarchesi1999,
  title = {{Scaling and criticality in a stochastic multi-agent model of a financial market}},
  author = {Lux, T. and Marchesi, M.},
  journal = {Nature},
  pages = {498--500},
  volume = {397},
  year = {1999}
}



@techreport{solomon2002,
title = {{Theoretical Analysis and Simulations of the Generalized Lotka-Volterra Model}},
author = {Malcai, Ofer and Biham, Ofer and Richmond, Peter and Solomon, Sorin},
year = {2002},
institution = {arXiv.org},
type = {Papers},
url = {http://EconPapers.repec.org/RePEc:arx:papers:cond-mat/0208514}
}


@article{ContBouchaud2000,
 title ={{Herd behaviour and aggregate fluctuations in financial markets}},
  author = {Cont, R. and Bouchaud, J.-P.},
  journal = {Macroeconomic Dynamics},
  pages = {170--196},
  volume = 4,
  year = 2000
}


@article{huang2001,
title={{Power, Lévy, exponential and Gaussian-like regimes in autocatalytic financial systems}},
author={Huang, Z.F. and Solomon, S.},
year={2001},
journal={The European Physical Journal B - Condensed Matter and Complex Systems},
volume={20},
issue={4},
pages={601-607}
}

@article{levy1994,
title = {{A microscopic model of the stock market: Cycles, booms, and crashes}},
author = {Levy, Moshe and Levy, Haim and Solomon, Sorin},
year = {1994},
journal = {Economics Letters},
volume = {45},
number = {1},
pages = {103-111}
}


@article{markowitz1989,
    title = {{Investment Rules, Margin, And Market Volatility}},
    author = {Kim, G. and Markowitz, H.},
    journal = {Journal of Portfolio Management},
    number = {1},
    pages = {45--52},
    volume = {16},
    year = {1989}
}

@article{grossman1988,
     title = {{Liquidity and Market Structure}},
     author = {Grossman, Sanford J. and Merton, H. Miller},
     journal = {The Journal of Finance},
     volume = {43},
     number = {3},
     pages = {617-633},
    year = {1988}
    
}

@article{jarrow2012,
title = {{A Dysfunctional Role of High Frequecy Trading in Electronic Markets}},
author = {Jarrow, Robert A and Protter, Philip},
year = {2012},
journal = {International Journal of Theoretical and Applied Finance (IJTAF)},
volume = {15},
number = {03}
}
@techreport{cartea2011,
title = {Where is the value in high frequency trading?},
author = {Cartea, Álvaro and Penalva, José},
year = {2011},
institution = {Banco de EspaÃ±a},
type = {Banco de EspaÃ±a Working Papers},
number = {1111},
url = {http://EconPapers.repec.org/RePEc:bde:wpaper:1111}
}
@article{harras2011,
title = {{How to grow a bubble: A model of myopic adapting agents}},
author = { Harras, Georges and Sornette, Didier },
journal = {Journal of Economic Behavior \& Organization},
volume = {80},
number = {1},
pages = {137 - 152},
year = {2011}
}

@techreport{ASIC2010,
title ={{Australian Securities and  Investment Commission, Consul tation Paper 145, Australian equity market structure. Proposals }},
author = {ASIC},
month={november},
year = {2010},
institution = {http://www.asic.gov.au},
url = http://www.asic.gov.au/asic/pdflib.nsf/LookupByFileName/cp-145.pdf/$file/cp-145.pdf}
}

@techreport{mifid2010,
title ={{European Commission Directorate General Internal Market and Services, Public consultation: Review of the Markets in Financial Instruments Directive (MiFID) }},
author = {European Commission, MiFID},
year = {2010},
institution = {http://www.esma.europa.eu},
url = {http://ec.europa.eu/internal_market/consultations/docs/2010/mifid/consultation_paper_en.pdf}
}


@techreport{CESR2010,
title ={{Committee of European Securities Regulators, Call for Evidence. Microstructural
issues of the European equity markets }},
author = {CESR},
month={july},
year = {2010},
institution = {http://www.cesr.eu},
url ={ http://www.cesr.eu/data/document/10_142.pdf}
}

@techreport{SEC2010,
title ={{Securities and Exchange Commission, Concept Release on Equity Market Structure}},
author = {SEC},
month={april},
year = {2010},
institution = {http://www.sec.gov},
url = {http://www.sec.gov/rules/concept/2010/34-61358}
}

@article{arndt2011,
   title = {{High Frequency Trading - A European Perspective}},
   author = {Arndt, Bj{\"o}rn and Gomber, Peter and Lutat, Marco and Uhle, Tim},
   journal = {HoF Quarterly 02/2011},
   pages = {9 -10},
   volume = {2},
   year = {2011}
}

@article{cvitanic2010,
    title = {{High Frequency Traders and Asset Prices}},
    author = {Cvitanic, Jaksa and Kirilenko, Andrei},
    journal = {Social Science Research Network Working Paper Series},
    month = mar,
    publisher = {SSRN},
    url = {http://ssrn.com/abstract=1569067},
    year = {2010}
}


@article{kirilenko2010,
     title = {{The Flash Crash: The Impact of High Frequency Trading on an Electronic Market}},
    author = {Kirilenko, Andrei A. and Kyle, Albert P. and Samadi, Mehrdad and Tuzun, Tugkan},
    journal = {Social Science Research Network Working Paper Series},
    month = oct,
    publisher = {SSRN},
    url = {http://ssrn.com/abstract=1686004},
    year = {2010}
}


@article{farmer2009,
   title = {{The economy needs agent-based modelling}},
    author = {Farmer, J. Doyne and Foley, Duncan},
    journal = {Nature},
    month = aug,
    number = {7256},
    pages = {685--686},
    publisher = {Nature Publishing Group},
    volume = {460},
    year = {2009}
}

@techreport{TothEislerLilloKockelkorenBouchaudFarmer2012,
title = {{How does the market react to your order flow?}},
author = {Toth, Bence and Eisler, Zoltan and Lillo, Fabrizio and Kockelkoren, Julien and Bouchaud, Jean-Philippe and Farmer, J. Doyne},
year = {2012},
institution = {arXiv.org},
url = {{http://EconPapers.repec.org/RePEc:arx:papers:1104.0587}}
}


@inproceedings{panayi2012,
  author={ Panayi, Efstathios and  Harman, Mark  and  Wetherilt, Anne},
  title     = {{Agent-based modelling of stock markets using existing order book data}},
 booktitle = {Multi-Agent-Based Simulation XIII, International Workshop, MABS 2012, Valencia, Spain},
  publisher = {Springer},
  series    = {Lecture Notes in Computer Science},
  year      = {2012}
}


@techreport{kearns2010,
title ={{Empirical Limitations on High Frequency Trading Profitability}},
author = {Kearns, Michael and Kulesza, Alex and Nevmyvaka, Yuriy},
year = {2010},
institution = {arXiv.org},
url = {http://EconPapers.repec.org/RePEc:arx:papers:1007.2593}
}



@article{AlfiPietroneroZaccaria2009I,

title={{Minimal Agent Based Model For The Origin And Self-Organization Of Stylized Facts In Financial Markets}},
author={Alfi, V. and  Pietronero, L. and Zaccaria, A.},
journal={The European Physical Journal B},
volume={67},
number={3},
pages={385-397},
year={2009}

}

@article{AlfiPietroneroZaccaria2009II,

title={{ Minimal agent based model for ﬁnancial markets II: statistical properties of the linear and multiplicative dynamics}},
author={Alfi, V. and  Pietronero, L. and Zaccaria, A},
journal={The European Physical Journal B},
volume={67},
number={3},
pages={399-417},
year={2009}

}

@article{CristelliPietroneroZaccaria2009,

title={{ Mechanisms of self-organization and ﬁnite size effects in a minimal agent based model.}},
author={Alfi, V., Cristelli, M., Pietronero, L.,and Zaccaria, A.},
journal={J. Stat. Mech.},
volume={P03016},
year={2009}

}

@article{ChakrabortiTokePatriarcaAbergel2011I,

title = {{Econophysics review: I. Empirical facts}},
author = {Chakraborti, Anirban and Toke, Ioane Muni and Patriarca, Marco and Abergel, Frederic},
journal = {Quantitative Finance},
volume = {11},
number = {7},
pages = {991-1012},
year = {2011}

}

@article{ChakrabortiTokePatriarcaAbergel2011II,

title = {{Econophysics review: II. Agent-based models}},
 author = {Chakraborti, Anirban and Toke, Ioane M. and Patriarca, Marco and Abergel, Frederic},
 journal = {Quantitative Finance},
 month = jun,
 volume = {11},
 year = {2011}

}




@book{BouchaudPotters2004,

 title = {{Theory of Financial Risk and Derivative Pricing: From Statistical Physics to Risk Management}},
 author = {Bouchaud, Jean-Philippe and Potters, Marc},
 edition = {2},
 month = feb,
 publisher = {Cambridge University Press},
 year = {2004}
}

@article{Stanley1999,

 title = {{Econophysics: can physicists contribute to the science of economics?}},
 author = {Stanley, H. E.},
 journal = {Computing in Science and Engg.},
 volume = {1},
 number = {1},
 month = jan,
 year = {1999},
 issn = {1521-9615},
 pages = {74--77},
 } 

@article{LeombruniRichiardi2005,

 title = {{Why are economists sceptical about agent-based simulations?}},
 author = {Leombruni, R. and Richiardi, M.},
 journal = {Physica A: Statistical Mechanics and its Applications},
 month = sep,
 number = {1},
 pages = {103--109},
 volume = {355},
 year = {2005}
}

@unpublished{Grazzini2011,

title =   {{Estimating micromotives from macrobehavior}},
author =       {Grazzini, J},
year =         2011,
 note =  {{http://www.de.unito.it/web/member/segreteria/WP/2011}}
}

@article{BianchiCirilloGallegatiVagliasindi2007,

 title = {{Validating and calibrating agent-based models: A case study}},
 author = {Bianchi, C., Cirillo, P., Gallegati, M. and Vagliasindi, P. A.},
 journal = {Computational Economics},
 pages = {245--264},
 volume = {30},
 year = {2007}
}

@techreport{CFTCSEC2010,
    title = {{FINDINGS REGARDING THE MARKET EVENTS OF MAY 6, 2010}},
    author = {{CFTC} and {SEC}},
   year= {2010},
    institution = {U.S. Commodity Futures Trading Commission and U.S. Securities \& Exchange Commission}
  
}    

@techreport{KirilenkoKyleSamadiTuzun2010,
    title = {{The Flash Crash: The Impact of High Frequency Trading on an Electronic Market}},
    author = {Kirilenko, Andrei A., Kyle, Albert P.,Samadi, Mehrdad, Tuzun, Tugkan},
    month = oct,
    url = {http://ssrn.com/abstract=1686004},
    year = {2010}
}

@ARTICLE{FrankelFroot1990,
    title = {Chartists, fundamentalists, and trading in the foreign exchange market},
    author = {Jeffrey A. Frankel and Kenneth A. Froot},
    journal = {American Economic Review},
    year = {1990},
    pages = {181--185}
}




@article{GodSun1993,
    title = {{Allocative Efficiency of Markets with Zero-Intelligence Traders: Market as a Partial Substitute for Individual Rationality}}, 
    author = {Gode, D. K. and Sunder, S.},
    journal = {Journal of Political Economy},
    number = {1},
    pages = {119--137},
    priority = {2},
    volume = {101},
    year = {1993}
}



@techreport{ShawnMichailidiszKirilenko2011 ,
   title={{Discovering the Ecosystem of an Electronic Financial Market with a Dynamic Machine-Learning Method}},
   author={Mankad,Shawn and Michailidis, George and Kirilenko, Andrei},
   year = {2011},
   month = {May},
   url ={{http://papers.ssrn.com/sol3/papers.cfm?abstract\_id=1787556}}
}
   
@article{LeBaron2002,
  title = {{Building the Santa Fe Artificial Stock Market}},
  author = {LeBaron, B.},
  journal = {Physica A},
  note = {Working Paper, Brandeis University},
  title = {Building the Santa Fe Artificial Stock Market},
  year = 2002
}

@techreport{KirilenkoYangPaddrikHaynesToddBelingScherer2011 ,
   title = {{Behavior Based Learning in Identifying High Frequency Trading Strategies}},
   author = {  Kirilenko, Andrei A. and Yang, Steve Y. and Paddrik, Mark E. and Haynes, Roy J. and Todd, A. and Beling, Peter and Scherer, William },
   year = {2011},
   month = {November},
   url = {http://papers.ssrn.com/sol3/papers.cfm?abstract\_id=1955965}
}

@article{LilloMoroVaglicaMantegna2008,
   title = {{ Specialization and herding behavior of trading firms in a financial market}},
   author = {Lillo, F. and Moro, E. and Vaglica, G. and Mantegna, R.N.},
   journal = {New Journal of Physics},
   Volume ={10},
   pages = {043019},
   year = {2008}
}

@article{VaglicaLilloMoroMantegna2008,
   title = {{Scaling laws of strategic behavior and size heterogeneity in agent dynamics}},
   author = {Vaglica, G. and Lillo, F. and Moro, E. and Mantegna, R.N.},
   journal = {Phys. Rev. E},
   Volume ={77},
   pages = {036110},
   year = {2008}
}

@article{MoroVicenteMoyanoGerigFarmerLilloMantegna2009,
   title = {{Market impact and trading profile of hidden orders in stock markets}},
   author = {Moro, E. and Vicente, J. and Moyano, L.G. and Gerig, A. and Farmer, J.D. and Lillo, F. and Mantegna, R.N.},
   journal = {Phys. Rev. E},
   Volume ={80},
   pages = {066102},
   year = {2009}
}

@article{TothLilloFarmer2010,
title = {{Segmentation algorithm for non-stationary compound Poisson processes}},
author = {Toth, B. and Lillo, F. and Farmer, J. D.},
journal = {The European Physical Journal B - Condensed Matter and Complex Systems},
volume = {78},
number = {2},
pages = {235-243},
year = {2010}
}

@techreport{TothEislerLilloKockelkorenBouchaudFarmer2012,
title = {{How does the market react to your order flow?}},
author = {Toth, Bence and Eisler, Zoltan and Lillo, Fabrizio and Kockelkoren, Julien and Bouchaud, Jean-Philippe and Farmer, J. Doyne},
year = {2012},
institution = {arXiv.org},
url = {{http://EconPapers.repec.org/RePEc:arx:papers:1104.0587}}
}

@article{BarberLeeLiuOdean2009,
title = {{Just How Much Do Individual Investors Lose by Trading?}},
author = {Barber, Brad M. and Lee, Yi-Tsung and Liu, Yu-Jane and Odean, Terrance},
year = {2009},
journal = {Review of Financial Studies},
volume = {22},
number = {2},
pages = {609-632}

}

@techreport{RenZhou2011,
title ={ {Analysis of trade packages in Chinese stock market}},
author = {Ren, Fei and Zhou, Wei-Xing},
year = {2011},
institution = {arXiv.org},
type = {Quantitative Finance Papers},
url = {http://EconPapers.repec.org/RePEc:arx:papers:1103.1526}
}

@techreport{MurphyThiruMalai2011,
  title =        {{Momentum in Microstructure}},
  author =       { Murphy, Dermot and  Thirumalai, Ramabhadran S.},
  year =         {2011},
  month =        {December},
  url =  {http://www.kellogg.northwestern.edu/faculty/murphy_d/}
}


@article{LazzeroniOwen2000,
    title ={{Plaid Models for Gene Expression Data}},
    author = {Lazzeroni, Laura  and Owen, Art},
    journal = {Statistica Sinica},
    year = {2000},
    volume = {12},
    pages = {61--86}
}

@article{ChengChurch2000,
    title = {{Biclustering of expression data.}},
    author = {Cheng, Y. and Church, G. M.},
    journal = {Proceedings of  International Conference on Intelligent Systems for Molecular Biology },
    pages = {93--103},
    volume = {8},
    year = {2000}
}

@article{FriedmanHastieTibshirani2010,
  author =	"Jerome H. Friedman and Trevor Hastie and Rob Tibshirani",
  title =	"Regularization Paths for Generalized Linear Models via Coordinate Descent",
  journal =	"Journal of Statistical Software",
  volume =	"33",
  number =	"1",
  pages =	"1--22",
  day =  	"2",
  month =	"2",
  year = 	"2010"
  
}

@article{Cont2001,
  title = {{Empirical properties of asset returns: stylized facts and statistical issues}},
  author = {Cont, R.},
  journal = {Quantitative Finance},
  number = 2,
 pages = {223--236},
 volume = 1,
 year = 2001
}

@article{GhoulmieContNadal2005,
    title = {{Heterogeneity and feedback in an agent-based market model}},
    author = {Ghoulmie, Francois and Cont, Rama and Nadal, Jean-Pierre},
    journal = {Journal of Physics: Condensed Matter},
    number = {14},
    pages = {S1259--S1268},
    volume = {17},
   year = {2005}
}

@article{LouieCarley2008,
    title = {{Balancing the Criticisms: Validating Multi-Agent Models of Social Systems}},
    author = { Louie, Marcus A. and Carley, Kathleen M.},
   journal ={Simulation Modelling Practice and Theory},
   number={16},
  page={242-56},
 volume={2},
 year = {2008}
}

@article{FagioloBirchenhallWindrum2007,
 author = {Fagiolo, G. and Birchenhall, C. and Windrum, P.},
 title = {Empirical Validation in Agent-based Models: Introduction to the Special Issue},
 journal = {Comput. Econ.},
 volume = {30},
 number = {3},
 month = oct,
 year = {2007},
 issn = {0927-7099},
 pages = {189--194}
} 

@article {JanssenOstrom2006,
 author = {Marco A. Janssen and Elinor Ostrom},
 title = {{Empirically Based, Agent-based models}},
 journal = {Ecology and Society},
volume = {11},
year = {2006},
pages = {37}
}


@article{KnoeriBinderAlthaus2011,
   title = {{An Agent Operationalization Approach for Context Specific Agent-Based Modeling}},
   author = {Knoeri, Christof and Binder, Claudia R. and Althaus, Hans-Joerg},
   journal = {Journal of Artificial Societies and Social Simulation},
   ISSN = {1460-7425},
   volume = {14},
   number = {2},
   pages = {4},
   year = {2011}
  }		

@techReport{MalmstenTeräsvirta2004,
  author={Malmsten, Hans and Teräsvirta, Timo},
  title={Stylized Facts of Financial Time Series and Three Popular Models of Volatility},
  year=2004,
  month=Aug,
  institution={Stockholm School of Economics},
  type={Working Paper Series in Economics and Finance},
  url={http://ideas.repec.org/p/hhs/hastef/0563.html},
  number={563}
}



@article{GodeSunder1993,
title = {{Allocative Efficiency of Markets with Zero-Intelligence Traders: Market as a Partial Substitute for Individual Rationality}},
author = {Gode, Dhananjay K and Sunder, Shyam},
year = {1993},
journal = {Journal of Political Economy},
volume = {101},
number = {1},
pages = {119-37}

}

@article{KimMarkowitz1989,
  title = {{Investment Rules, Margin, And Market Volatility}},
  author = {Kim, G. and Markowitz, H.},
  journal = {Journal of Portfolio Management},
  number = 1,
  pages = {45--52},
  volume = 16,
  year = 1989
}

@article{Arthur1994,
  title = {{Complexity in Economic Theory: Inductive Reasoning and bounded Rationality}},
  author = {Arthur, W. B.},
  journal = {The American Economic Review},
  month = May,
  number = 2,
  pages = {406--411},
  volume = 84,
  year = 1994
}

@article{ChalletZhang1997,
  title = {{Emergence of Cooperation and Organization in an Evolutionary Game}},
  author = {Challet, D. and Zhang, Y.-C.},
  journal = {Physica A},
  keywords = {imported},
  pages = {407--418},
  volume = 246,
  year = 1997
}

@techreport{Grazzini2011,
title = {{Consistent Estimation of Agent Based Models}},
author = {Grazzini, Jakob},
year = {2011},
institution = {LABORatorio R. Revelli, Centre for Employment Studies},
type = {LABORatorio R. Revelli Working Papers Series},
number = {110},
url = {http://EconPapers.repec.org/RePEc:cca:wplabo:110}
}

@techreport{FengLiPodobnikPreisStanley2012,
title = {Linking agent-based models and stochastic models of financial markets.},
author = {Feng, Ling and Li, Baowen and Podobnik, Boris and Preis, Tobias and Stanley, H Eugene},
institution = {Proc Natl Acad Sci U S A},
year = {2012},
url = {http://www.biomedsearch.com/nih/Linking-agent-based-models-stochastic/22586086.html}

}

@article{ClementePietronero2012,
 author= {Clemente, Riccardo Di  and  Pietronero, Luciano},
 title = {{Statistical Agent Based Modelization of the Phenomenon of Drug Abuse}},
 journal   = {CoRR},
 volume    = {abs/1207.6805},
 year      = {2012},
  url = {http://arxiv.org/abs/1207.6805},
}

@article{SmithFarmerGillemotKrishnamurty2003,
  title = {{Statistical theory of the continuous double auction}},
  author = {Smith, Eric and Farmer, J. Doyne and Gillemot, L{\'A}szl{\'O} and Krishnamurthy, Supriya},
  journal = {Quantitative Finance},
  number ={6},
  pages = {481--514},
  volume = 3,
  year = 2003
}

@article{Rosu2009,
    title = {{A Dynamic Model of the Limit Order Book}},
    author = {Rosu, I.},
    journal = {Review of Financial Studies},
    volume ={22},
    pages ={4601-4641} ,
    year = {2009}
}

@article{ContStoikovTalreja2010,
 author = {Cont, Rama and Stoikov, Sasha and Talreja, Rishi},
 title = {A Stochastic Model for Order Book Dynamics},
 journal = {Oper. Res.},
 volume = {58},
 number = {3},
 month = may,
 year = {2010},
 issn = {0030-364X},
 pages = {549--563}
} 

@article{DanielsFarmer2003,
    title = {{Quantitative Model of Price Diffusion and Market Friction Based on Trading as a Mechanistic Random Process}},
    author = {Daniels, Marcus G. and Farmer, Doyne J. and Gillemot, L\'{a}szl\'{o} and Iori, Giulia and Smith, Eric},
    journal = {Physical Review Letters},
    keywords = {diffusion, friction, price, trading},
    month = mar,
    number = {10},
    pages = {108102+},
    publisher = {American Physical Society},
    volume = {90},
    year = {2003}
}

@techreport{FanoPellizzari2011,
title = {{Time-dependent trading strategies in a continuous double auction}},
author = {Fano, Shira and Pellizzari, Paolo},
institution = {Department of Economics, University of Venice "Ca' Foscari"},
type = {Working Papers},
year = {2011},
url = {http://EconPapers.repec.org/RePEc:ven:wpaper:2011_03}
}

@techreport{Lebaron2002,
    author = {LeBaron, B.},
    institution = {Brandeis University},
    month = jun,
    title = {{Building the Santa Fe Artificial Stock Market}},
    url = {http://www.econ.iastate.edu/tesfatsi/blake.sfisum.pdf},
    year = {2002}
}

@article{FarmerZamani2007,
title={{Mechanical vs. informational components of price impact}},
author={Doyne Farmer, J. and Zamani, N.},
journal={The European Physical Journal B},
volume={55},
issue={2},
pages={189-200},
year={2007}
}

@article{FrenchRoll1986,
title = {{Stock return variances: The arrival of information and the reaction of traders}},
author = {French, Kenneth R. and Roll, Richard},
year = {1986},
journal = {Journal of Financial Economics},
volume = {17},
number = {1},
pages = {5-26}
}

@article{CutlerPoterbaSummers1989,
    title = {{What Moves Stock Prices?}},
    author = {Cutler, D. M. and Poterba, J. M. and Summers, L. H.},
    citeulike-article-id = {503733},
    journal = {Journal of Portfolio Management},
    keywords = {bibtex-import},
    number = {2},
    posted-at = {2006-02-13 10:12:59},
    priority = {0},
    volume = {15},
    year = {1989}
}

@article{FarmerGillemotLilloMikeSen2004,
  title ={{What really causes large price changes?}},
  author = {Farmer, J. Doyne and Gillemot, L{\'A}szl{\'O} and Lillo, Fabrizio and Mike, Szabolcs and Sen, Anindya},
  journal = {Quantitative Finance},
  number = 4,
  pages = {383--397},
  volume = 4,
  year = 2004
}




